@article{triaxiality,
author = {Tamer, Yalcin and Toros, Serkan and Ozturk, Fahrettin},
year = {2022},
month = {07},
pages = {},
title = {Numerical and Experimental Comparison of Fractural Characteristics of 316L Stainless Steel},
volume = {32},
journal = {Journal of Materials Engineering and Performance},
doi = {10.1007/s11665-022-07152-1}
}

@article{fracture,
author = {Souza, LÃ­dia and Santos, Maria and Garcia, Regina and Fernandes, Diandro and Vilarinho, Louriel},
year = {2022},
month = {11},
pages = {1-14},
title = {Characterization of an austenitic stainless steel preform deposited by wire arc additive manufacturing},
volume = {123},
journal = {The International Journal of Advanced Manufacturing Technology},
doi = {10.1007/s00170-022-10382-1}
}